<record><leader>00000cas a2200000 a 4500</leader><controlfield tag="001">28531448</controlfield><controlfield tag="008">930728d19341946cauwr ne      0    0eng c</controlfield><datafield ind1=" " ind2=" " tag="010"><subfield code="a">sn 93053343 </subfield></datafield><datafield ind1=" " ind2=" " tag="040"><subfield code="a">CNK</subfield><subfield code="b">eng</subfield><subfield code="c">CNK</subfield><subfield code="d">OCLCQ</subfield><subfield code="d">CNK</subfield><subfield code="d">OCLCQ</subfield><subfield code="d">OCLCF</subfield><subfield code="d">OCLCO</subfield></datafield><datafield ind1="1" ind2=" " tag="029"><subfield code="a">AU@</subfield><subfield code="b">000025906119</subfield></datafield><datafield ind1=" " ind2=" " tag="042"><subfield code="a">pcc</subfield></datafield><datafield ind1=" " ind2=" " tag="043"><subfield code="a">n-us-ca</subfield></datafield><datafield ind1="0" ind2=" " tag="130"><subfield code="a">Solano weekly Republican (Fairfield, Calif.)</subfield></datafield><datafield ind1="1" ind2="4" tag="245"><subfield code="a">The Solano weekly Republican.</subfield></datafield><datafield ind1=" " ind2=" " tag="260"><subfield code="a">Fairfield, Solano County, Calif. :</subfield><subfield code="b">D.A. Weir</subfield></datafield><datafield ind1=" " ind2=" " tag="300"><subfield code="a">v.</subfield></datafield><datafield ind1=" " ind2=" " tag="310"><subfield code="a">Weekly</subfield></datafield><datafield ind1="0" ind2=" " tag="362"><subfield code="a">Vol. 79, no. 37 (July 5, 1934)-v. 87, no. 21 (Apr. 2, 1942) ; 87th year, no. 22 (Apr. 9, 1942)-91st year, no. 35 (July 11, 1946).</subfield></datafield><datafield ind1=" " ind2=" " tag="500"><subfield code="a">Contains a separate section called: The waterman clipper, with its own numbering, July 20, 1944-July 11, 1946.</subfield></datafield><datafield ind1=" " ind2=" " tag="530"><subfield code="a">Master negatives are available for duplication from:</subfield><subfield code="b">California Newspaper Microfilm Archive;</subfield><subfield code="c">positive copies may be purchased by the reel; for further information consult the CNMA at:</subfield><subfield code="u">http://cbsr.ucr.edu</subfield></datafield><datafield ind1=" " ind2="0" tag="651"><subfield code="a">Solano County (Calif.)</subfield><subfield code="v">Newspapers.</subfield></datafield><datafield ind1=" " ind2="7" tag="655"><subfield code="a">Newspapers.</subfield><subfield code="2">fast</subfield><subfield code="0">(OCoLC)fst01423814</subfield></datafield><datafield ind1=" " ind2="7" tag="651"><subfield code="a">California</subfield><subfield code="z">Solano County.</subfield><subfield code="2">fast</subfield><subfield code="0">(OCoLC)fst01214273</subfield></datafield><datafield ind1="0" ind2=" " tag="740"><subfield code="a">Waterman clipper.</subfield></datafield><datafield ind1=" " ind2=" " tag="752"><subfield code="a">United States</subfield><subfield code="b">California</subfield><subfield code="c">Solano</subfield><subfield code="d">Fairfield.</subfield></datafield><datafield ind1="0" ind2="0" tag="780"><subfield code="t">Solano weekly Republican Fairfield enterprise</subfield><subfield code="w">(DLC)sn 93053342</subfield></datafield><datafield ind1="0" ind2="0" tag="785"><subfield code="t">Solano weekly Republican and the Waterman clipper</subfield><subfield code="w">(DLC)sn 93053345</subfield></datafield></record>